@article{van_der_ven_rechargeable_2020,
	title = {Rechargeable {Alkali}-{Ion} {Battery} {Materials}: {Theory} and {Computation}},
	issn = {0009-2665, 1520-6890},
	shorttitle = {Rechargeable {Alkali}-{Ion} {Battery} {Materials}},
% 	url = {https://pubs.acs.org/doi/abs/10.1021/acs.chemrev.9b00601},
	doi = {10.1021/acs.chemrev.9b00601},
% 	language = {en},
	journal = {Chemical Reviews},
	author = {Van der Ven, Anton and Deng, Zhi and Banerjee, Swastika and Ong, Shyue Ping},
	month = feb,
	year = {2020},
	keywords = {anode, cathode, dft, thermodynamics, lucy, structure, ion diffusion, electrochemical, review, monte carlo},
	pages = {6977--7019}
}


@article{wang_reviving_2018,
	title = {Reviving lithium cobalt oxide-based lithium secondary batteries-toward a higher energy density},
	volume = {47},
	issn = {0306-0012, 1460-4744},
% 	url = {http://xlink.rsc.org/?DOI=C8CS00322J},
	doi = {10.1039/C8CS00322J},
% 	language = {en},
	number = {17},
	journal = {Chemical Society Reviews},
	author = {Wang, Longlong and Chen, Bingbing and Ma, Jun and Cui, Guanglei and Chen, Liquan},
	year = {2018},
	keywords = {cathode, review, doping, electrolyte solvents and salts, morphology control, post-thermal treatment, separators and binders, solid electrolytes, rana, lco},
	pages = {6505--6602}
}

@article{parfitt_diffusion_2017,
	title = {Diffusion in energy materials: {Governing} dynamics from atomistic modelling},
	volume = {4},
	issn = {1931-9401},
	shorttitle = {Diffusion in energy materials},
% 	url = {http://aip.scitation.org/doi/10.1063/1.5001276},
	doi = {10.1063/1.5001276},
% 	language = {en},
	number = {3},
	journal = {Applied Physics Reviews},
	author = {Parfitt, D. and Kordatos, A. and Filippatos, P. P. and Chroneos, A.},
	month = sep,
	year = {2017},
	keywords = {cathode, dft, classical md, ion diffusion, arihant, review},
	pages = {031305}
}

@article{zhang_chemomechanical_2017,
	title = {Chemomechanical modeling of lithiation-induced failure in high-volume-change electrode materials for lithium ion batteries},
	volume = {3},
	issn = {2057-3960},
% 	url = {http://www.nature.com/articles/s41524-017-0009-z},
	doi = {10.1038/s41524-017-0009-z},
% 	language = {en},
	number = {1},
	journal = {npj Computational Materials},
	author = {Zhang, Sulin},
	month = dec,
	year = {2017},
	keywords = {anode, mechanical properties, arihant, review, continuum},
	pages = {7}
}

@article{xu_electrochemomechanics_2016,
	title = {Electrochemomechanics of {Electrodes} in {Li}-{Ion} {Batteries}: {A} {Review}},
	volume = {13},
	issn = {2381-6872, 2381-6910},
	shorttitle = {Electrochemomechanics of {Electrodes} in {Li}-{Ion} {Batteries}},
% 	url = {https://asmedigitalcollection.asme.org/electrochemical/article/doi/10.1115/1.4035310/372007/Electrochemomechanics-of-Electrodes-in-LiIon},
	doi = {10.1115/1.4035310},
% 	language = {en},
	number = {3},
	journal = {Journal of Electrochemical Energy Conversion and Storage},
	author = {Xu, Rong and Zhao, Kejie},
	month = aug,
	year = {2016},
	keywords = {anode, ion diffusion, mechanical properties, arihant, review, continuum},
	pages = {030803}
}

@article{urban_computational_2016,
	title = {Computational understanding of {Li}-ion batteries},
	volume = {2},
	issn = {2057-3960},
% 	url = {http://www.nature.com/articles/npjcompumats20162},
	doi = {10.1038/npjcompumats.2016.2},
% 	language = {en},
	number = {1},
	journal = {npj Computational Materials},
	author = {Urban, Alexander and Seo, Dong-Hwa and Ceder, Gerbrand},
	month = nov,
	year = {2016},
	keywords = {dft, review, monte carlo, mike, diffusion, cluster expansion, phase diagram}
}

@article{grazioli_computational_2016,
	title = {Computational modeling of {Li}-ion batteries},
	volume = {58},
	issn = {1432-0924},
% 	url = {https://doi.org/10.1007/s00466-016-1325-8},
	doi = {10.1007/s00466-016-1325-8},
% 	language = {en},
	number = {6},
	journal = {Computational Mechanics},
	author = {Grazioli, D. and Magri, M. and Salvadori, A.},
	month = dec,
	year = {2016},
	keywords = {anode, cathode, ion diffusion, mechanical properties, arihant, review, continuum, multiscale},
	pages = {889--909}
}

@article{canepa_computational_2017,
    author = {Canepa, Pieremanuele and Sai Gautam, Gopalakrishnan and Hannah, Daniel C. and Malik, Rahul and Liu, Miao and Gallagher, Kevin G. and Persson, Kristin A. and Ceder, Gerbrand},
    title = {Odyssey of Multivalent Cathode Materials: Open Questions and Future Challenges},
    journal = {Chemical Reviews},
    volume = {117},
    number = {5},
    pages = {4287-4341},
    year = {2017},
    doi = {10.1021/acs.chemrev.6b00614},
    % note = {PMID: 28269988},
    % URL = {https://doi.org/10.1021/acs.chemrev.6b00614},
    % eprint = {https://doi.org/10.1021/acs.chemrev.6b00614}
}

@article{van2013understanding,
  title={Understanding Li diffusion in Li-intercalation compounds},
  author={Van der Ven, Anton and Bhattacharya, Jishnu and Belak, Anna A},
  journal={Accounts of chemical research},
  volume={46},
  number={5},
  pages={1216--1225},
  year={2013},
  publisher={ACS Publications}
}

@article{mercer_influence_2017,
	title = {The influence of point defects on the entropy profiles of {Lithium} {Ion} {Battery} cathodes: a lattice-gas {Monte} {Carlo} study},
	volume = {241},
	issn = {00134686},
	shorttitle = {The influence of point defects on the entropy profiles of {Lithium} {Ion} {Battery} cathodes},
	url = {https://linkinghub.elsevier.com/retrieve/pii/S0013468617308836},
	doi = {10.1016/j.electacta.2017.04.115},
	language = {en},
	urldate = {2020-06-05},
	journal = {Electrochimica Acta},
	author = {Mercer, Michael P. and Finnigan, Sophie and Kramer, Denis and Richards, Daniel and Hoster, Harry E.},
	month = jul,
	year = {2017},
	keywords = {entropy, mike, thermodynamics, cathodes, monte carlo, grand canonical},
	pages = {141--152}
}


@article{schlueter_quantifying_2018,
	title = {Quantifying structure dependent responses in {Li}-ion cells with excess {Li} spinel cathodes: matching voltage and entropy profiles through mean field models},
	volume = {20},
	issn = {1463-9076, 1463-9084},
	shorttitle = {Quantifying structure dependent responses in {Li}-ion cells with excess {Li} spinel cathodes},
	url = {http://xlink.rsc.org/?DOI=C8CP02989J},
	doi = {10.1039/C8CP02989J},
	language = {en},
	number = {33},
	urldate = {2020-06-05},
	journal = {Physical Chemistry Chemical Physics},
	author = {Schlueter, Steffen and Genieser, Ronny and Richards, Daniel and Hoster, Harry E. and Mercer, Michael P.},
	year = {2018},
	keywords = {cathode, entropy, experimental, mean field, mike, thermodynamics},
	pages = {21417--21429}
}

@article{Heitjans_2003,
	doi = {10.1088/0953-8984/15/30/202},
	url = {https://doi.org/10.1088%2F0953-8984%2F15%2F30%2F202},
	year = 2003,
	month = {jul},
	publisher = {{IOP} Publishing},
	volume = {15},
	number = {30},
	pages = {R1257--R1289},
	author = {Paul Heitjans and Sylvio Indris},
	title = {Diffusion and ionic conduction in nanocrystalline ceramics},
	journal = {Journal of Physics: Condensed Matter},
	}
	
